@Article{Sheridan2016,
	title={Human--robot interaction: status and challenges},
	author={Sheridan, Thomas B},
	journal={Human factors},
	volume={58},
	number={4},
	pages={525--532},
	year={2016},
	publisher={SAGE Publications Sage CA: Los Angeles, CA}
},

@Article{Prabha2019,
	title={Autism and Social Robots--an Atypical Study},
	author={Prabha, M Rosalind and Juliana, M Josephine Mary},
	journal={Universal Review},
	volume={8},
	number={2},
	pages={19--27},
	year={2019}
}, 

@Article{Dautenhahn2004,
	title={Towards interactive robots in autism therapy: Background, motivation and challenges},
	author={Dautenhahn, Kerstin and Werry, Iain},
	journal={Pragmatics \& Cognition},
	volume={12},
	number={1},
	pages={1--35},
	year={2004},
	publisher={John Benjamins}
}, 

@Article{Kronander2013,
	title={Learning compliant manipulation through kinesthetic and tactile human-robot interaction},
	author={Kronander, Klas and Billard, Aude},
	journal={IEEE transactions on haptics},
	volume={7},
	number={3},
	pages={367--380},
	year={2013},
	publisher={IEEE}
}, 

@Article{Si2021,
	title={A review on manipulation skill acquisition through teleoperation-based learning from demonstration},
	author={Si, Weiyong and Wang, Ning and Yang, Chenguang},
	journal={Cognitive Computation and Systems},
	volume={3},
	number={1},
	pages={1--16},
	year={2021},
	publisher={Wiley Online Library}
},

@INPROCEEDINGS{Jiang2013,
	author={Jiang, Hairong and Wachs, Juan P. and Pendergast, Martin and Duerstock, Bradley S.},
	booktitle={2013 IEEE 13th International Conference on Rehabilitation Robotics (ICORR)}, 
	title={3D joystick for robotic arm control by individuals with high level spinal cord injuries}, 
	year={2013},
	volume={},
	number={},
	pages={1-5},
	doi={10.1109/ICORR.2013.6650432}},

@Article{Assad2020,
	title={Kinect controlled NAO robot for telerehabilitation},
	author={Assad-Uz-Zaman, Md and Islam, Md Rasedul and Rahman, Mohammad Habibur and Wang, Ying-Chih and McGonigle, Erin},
	journal={Journal of Intelligent Systems},
	volume={30},
	number={1},
	pages={224--239},
	year={2020},
	publisher={De Gruyter}
},

@INPROCEEDINGS{Chen2022,
	author={Chen, Qinghua and Dallas, Evan and Shahverdi, Pourya and Korneder, Jessica and Rawashdeh, Osamah A. and Geoffrey Louie, Wing-Yue},
	booktitle={2022 31st IEEE International Conference on Robot and Human Interactive Communication (RO-MAN)}, 
	title={A Sample Efficiency Improved Method via Hierarchical Reinforcement Learning Networks}, 
	year={2022},
	volume={},
	number={},
	pages={1498-1505},
	doi={10.1109/RO-MAN53752.2022.9900738}},

@ARTICLE{Piot2017,
	author={Piot, Bilal and Geist, Matthieu and Pietquin, Olivier},
	journal={IEEE Transactions on Neural Networks and Learning Systems}, 
	title={Bridging the Gap Between Imitation Learning and Inverse Reinforcement Learning}, 
	year={2017},
	volume={28},
	number={8},
	pages={1814-1826},
	doi={10.1109/TNNLS.2016.2543000}},

@Article{Reddy2019,
	title={Sqil: Imitation learning via reinforcement learning with sparse rewards},
	author={Reddy, Siddharth and Dragan, Anca D and Levine, Sergey},
	journal={arXiv preprint arXiv:1905.11108},
	year={2019}
},

@Article{Dinyari2020,
	title={Learning to Play by Imitating Humans},
	author={Rostam Dinyari and Pierre Sermanet and Corey Lynch},
	journal={ArXiv},
	year={2020},
	volume={abs/2006.06874}
},

@Article{Byrne2005,
	title = {Social Cognition: Imitation, Imitation, Imitation},
	journal = {Current Biology},
	volume = {15},
	number = {13},
	pages = {R498-R500},
	year = {2005},
	issn = {0960-9822},
	doi = {https://doi.org/10.1016/j.cub.2005.06.031},
	url = {https://www.sciencedirect.com/science/article/pii/S0960982205006664},
	author = {Richard W. Byrne}
},

@misc{qtrobot_safety_manual,
	author = {LuxAI S.A.},
	title = {{QTrobot Safety Guide}},
	year = {2021},
	note = {\url{https://luxai.com/wp-content/uploads/2021/07/QTrobot-Safety-Guide-1.pdf}}
},

@misc{realsense_manual,
	author = {Intel Corporation},
	title = {{Intel® RealSenseTM Product Family D400 Series - Datasheet}},
	year = {2023},
	note = {\url{https://www.intelrealsense.com/depth-camera-d435i/}}
},

@inproceedings{Kulikovskiy2021,
	title={Can therapists design robot-mediated interventions and teleoperate robots using VR to deliver interventions for ASD?},
	author={Kulikovskiy, Roman and Sochanski, Megan and Eaton, Matteson and Korneder, Jessica and Louie, Wing-Yue Geoffrey and others},
	booktitle={2021 IEEE International Conference on Robotics and Automation (ICRA)},
	pages={3669--3676},
	year={2021},
	organization={IEEE}
},
@article{Brentani2013,
	title={Autism spectrum disorders: an overview on diagnosis and treatment},
	author={Brentani, Helena and Paula, Cristiane Silvestre de and Bordini, Daniela and Rolim, Deborah and Sato, Fabio and Portolese, Joana and Pacifico, Maria Clara and McCracken, James T},
	journal={Brazilian Journal of Psychiatry},
	volume={35},
	pages={S62--S72},
	year={2013},
	publisher={SciELO Brasil}
},

@article{Dautenhahn2004,
	title={Towards interactive robots in autism therapy: Background, motivation and challenges},
	author={Dautenhahn, Kerstin and Werry, Iain},
	journal={Pragmatics \& Cognition},
	volume={12},
	number={1},
	pages={1--35},
	year={2004},
	publisher={John Benjamins}
},

@article{Leekam2011,
	title={Restricted and repetitive behaviors in autism spectrum disorders: a review of research in the last decade.},
	author={Leekam, Susan R and Prior, Margot R and Uljarevic, Mirko},
	journal={Psychological bulletin},
	volume={137},
	number={4},
	pages={562},
	year={2011},
	publisher={American Psychological Association}
},

@Article{Scassellati2012,
	author    = {Brian Scassellati and Henny Admoni and Maja Matari{\'{c}}},
	journal   = {Annual Review of Biomedical Engineering},
	title     = {Robots for Use in Autism Research},
	year      = {2012},
	month     = {aug},
	number    = {1},
	pages     = {275--294},
	volume    = {14},
	doi       = {10.1146/annurev-bioeng-071811-150036},
	publisher = {Annual Reviews},
},

@misc{Kaspar2023,
	author = {University of Hertfordshire},
	title = {{Kaspar the social robot}},
	year = {2023},
	note = {\url{https://www.herts.ac.uk/kaspar/the-social-robot}}
},

@misc{softbankrobotics,
	author = {Softbank Robotics},
	title = {{Robots that Do More}},
	year = {2023},
	note = {\url{https://us.softbankrobotics.com/}}
},

@Article{Papakostas2021,
	AUTHOR = {Papakostas, George A. and Sidiropoulos, George K. and Papadopoulou, Cristina I. and Vrochidou, Eleni and Kaburlasos, Vassilis G. and Papadopoulou, Maria T. and Holeva, Vasiliki and Nikopoulou, Vasiliki-Aliki and Dalivigkas, Nikolaos},
	TITLE = {Social Robots in Special Education: A Systematic Review},
	JOURNAL = {Electronics},
	VOLUME = {10},
	YEAR = {2021},
	NUMBER = {12},
	ARTICLE-NUMBER = {1398},
	URL = {https://www.mdpi.com/2079-9292/10/12/1398},
	ISSN = {2079-9292},
	DOI = {10.3390/electronics10121398}
},

@Article{Bandera2012,
	author    = {J. P. Bandera and J. A. Rodr{\'{i}}guez and L. Molina-Tanco and A. Bandera},
	journal   = {International Journal of Humanoid Robotics},
	title     = {A survey of Vision-Based architectures for robot Learning by Imitation},
	year      = {2012},
	month     = {mar},
	number    = {01},
	pages     = {1250006},
	volume    = {09},
	doi       = {10.1142/s0219843612500065},
	publisher = {World Scientific Pub Co Pte Lt},
},

@article{Bentivegna2004,
	author = {Bentivegna, Darrin and Atkeson, Christopher and Cheng, Gordon},
	year = {2004},
	month = {01},
	pages = {585-611},
	title = {Learning to act from Observation and Practice},
	volume = {1},
	journal = {International Journal of Humanoid Robotics}
},

@article{Alissandrakis2007,
	author = {Alissandrakis, Aris and Nehaniv, Chrystopher and Dautenhahn, Kerstin},
	year = {2007},
	month = {05},
	pages = {299 - 307},
	title = {Correspondence Mapping Induced State and Action Metrics for Robotic Imitation},
	volume = {37},
	journal = {Systems, Man, and Cybernetics, Part B: Cybernetics, IEEE Transactions on},
	doi = {10.1109/TSMCB.2006.886947}
},

@article{Bandera2010,
	title={Vision-based gesture recognition in a robot learning by imitation framework},
	author={Bandera-Rubio, Juan Pedro and others},
	year={2010},
	publisher={Universidad de Málaga, Servicio de Publicaciones}
},

@article{Shin2001,
	title={Computer puppetry: An importance-based approach},
	author={Shin, Hyun Joon and Lee, Jehee and Shin, Sung Yong and Gleicher, Michael},
	journal={ACM Transactions on Graphics (TOG)},
	volume={20},
	number={2},
	pages={67--94},
	year={2001},
	publisher={ACM New York, NY, USA}
},

@article{Dickstein2018,
	title={Socially assistive robots: current status and future prospects for autism interventions},
	author={Dickstein-Fischer, Laurie A and Crone-Todd, Darlene E and Chapman, Ian M and Fathima, Ayesha T and Fischer, Gregory S},
	journal={Innovation and Entrepreneurship in Health},
	pages={15--25},
	year={2018},
	publisher={Taylor \& Francis}
},

@Article{Cabibihan2013,
	author    = {Cabibihan, John-John and Javed, Hifza and Ang, Marcelo and Aljunied, Sharifah Mariam},
	journal   = {International journal of social robotics},
	title     = {Why robots? A survey on the roles and benefits of social robots in the therapy of children with autism},
	year      = {2013},
	number    = {4},
	pages     = {593--618},
	volume    = {5},
	publisher = {Springer}
}, 

@ARTICLE{Alissandrakis2002,
	author={Alissandrakis, A. and Nehaniv, C.L. and Dautenhahn, K.},
	journal={IEEE Transactions on Systems, Man, and Cybernetics - Part A: Systems and Humans},
	title={Imitation with ALICE: learning to imitate corresponding actions across dissimilar embodiments}, 
	year={2002},
	volume={32},
	number={4},
	pages={482-496},
	doi={10.1109/TSMCA.2002.804820}
}, 

@Article{Hua2021,
	author    = {Jiang Hua and Liangcai Zeng and Gongfa Li and Zhaojie Ju},
	journal   = {Sensors},
	title     = {Learning for a Robot: Deep Reinforcement Learning, Imitation Learning, Transfer Learning},
	year      = {2021},
	month     = {feb},
	number    = {4},
	pages     = {1278},
	volume    = {21},
	doi       = {10.3390/s21041278},
	publisher = {{MDPI} {AG}},
},

@InProceedings{Itauma2012,
	author    = {Itauma Isong Itauma and Hasan Kivrak and Hatice Kose},
	booktitle = {2012 20th Signal Processing and Communications Applications Conference ({SIU})},
	title     = {Gesture imitation using machine learning techniques},
	year      = {2012},
	month     = {apr},
	publisher = {{IEEE}},
	doi       = {10.1109/siu.2012.6204822},
},

@Article{Liu2015,
	author          = {Liu, Xiaofeng and Liu, Ce and Zhou, Xu and Zhou, Xiaoqin and Jiang, Aimin},
	journal         = {2015 IEEE International Conference on Consumer Electronics - Taiwan, ICCE-TW 2015},
	title           = {{Movement imitation underlying coaching platform for children with ASD}},
	year            = {2015},
	pages           = {57--58},
	doi             = {10.1109/ICCE-TW.2015.7217029},
},

@Article{Mandlekar2018,
	author        = {Ajay Mandlekar and Yuke Zhu and Animesh Garg and Jonathan Booher and Max Spero and Albert Tung and Julian Gao and John Emmons and Anchit Gupta and Emre Orbay and Silvio Savarese and Li Fei-Fei},
	title         = {RoboTurk: A Crowdsourcing Platform for Robotic Skill Learning through Imitation},
	year          = {2018},
	month         = nov,
},

@Article{VanPerre2015,
	author    = {Greet Van de Perre and Michaël Van Damme and Dirk Lefeber and Bram Vanderborght},
	journal   = {Advanced Robotics},
	title     = {Development of a genmethod to generate -body emotional expressions for different social robots},
	year      = {2015},
	month     = {may},
	number    = {9},
	pages     = {597--609},
	volume    = {29},
	doi       = {10.1080/01691864.2015.1031697},
	publisher = {Informa {UK} Limited},
},

@Article{Billard2004,
	author    = {Aude Billard and Yann Epars and Sylvain Calinon and Stefan Schaal and Gordon Cheng},
	journal   = {Robotics and Autonomous Systems},
	title     = {Discovering optimal imitation strategies},
	year      = {2004},
	month     = {jun},
	number    = {2-3},
	pages     = {69--77},
	volume    = {47},
	doi       = {10.1016/j.robot.2004.03.002},
	publisher = {Elsevier {BV}}
}, 

@article{Mohammad2009,
	title={Interactive perception for amplification of intended behavior in complex noisy environments},
	author={Mohammad, Yasser and Nishida, Toyoaki},
	journal={Ai \& Society},
	volume={23},
	number={2},
	pages={167--186},
	year={2009},
	publisher={Springer}
}, 

@article{Dillmann2004,
	title={Teaching and learning of robot tasks via observation of human performance},
	author={Dillmann, R{\"u}diger},
	journal={Robotics and Autonomous Systems},
	volume={47},
	number={2-3},
	pages={109--116},
	year={2004},
	publisher={Elsevier}
}, 

@Article{Fadli2018,
	author          = {Fadli, Hilmi and MacHbub, Carmadi and Hidayat, Egi},
	journal         = {Proceeding - ICAMIMIA 2017: International Conference on Advanced Mechatronics, Intelligent Manufacture, and Industrial Automation},
	title           = {{Human gesture imitation on NAO humanoid robot using kinect based on inverse kinematics method}},
	year            = {2018},
	pages           = {116--120},
	doi             = {10.1109/ICAMIMIA.2017.8387569},
	isbn            = {9781538627297},
	publisher       = {IEEE}
}, 

@Article{Ravichandar2020,
	author    = {Harish Ravichandar and Athanasios S. Polydoros and Sonia Chernova and Aude Billard},
	journal   = {Annual Review of Control, Robotics, and Autonomous Systems},
	title     = {Recent Advances in Robot Learning from Demonstration},
	year      = {2020},
	month     = {may},
	number    = {1},
	pages     = {297--330},
	volume    = {3},
	doi       = {10.1146/annurev-control-100819-063206},
	publisher = {Annual Reviews},
}, 

@article{Sabater2021,
	title={Domain and View-Point Agnostic Hand Action Recognition},
	author={Sabater, Alberto and Alonso, I{\~n}igo and Montesano, Luis and Murillo, Ana C},
	journal={IEEE Robotics and Automation Letters},
	volume={6},
	number={4},
	pages={7823--7830},
	year={2021},
	publisher={IEEE}
},

@InProceedings{Yan2010,
	author    = {Yan Wu and Yiannis Demiris},
	booktitle = {2010 {IEEE} International Conference on Robotics and Automation},
	title     = {Towards One Shot Learning by imitation for humanoid robots},
	year      = {2010},
	month     = {may},
	publisher = {{IEEE}},
	doi       = {10.1109/robot.2010.5509429},
},

@Article{Chunyong2020,
	author    = {Chunyong Ma and Shengsheng Zhang and Anni Wang and Yongyang Qi and Ge Chen},
	journal   = {Applied Sciences},
	title     = {Skeleton-Based Dynamic Hand Gesture Recognition Using an Enhanced Network with One-Shot Learning},
	year      = {2020},
	month     = {may},
	number    = {11},
	pages     = {3680},
	volume    = {10},
	doi       = {10.3390/app10113680},
	publisher = {{MDPI} {AG}},
},

@InProceedings{Itauma2012,
	author    = {Itauma Isong Itauma and Hasan Kivrak and Hatice Kose},
	booktitle = {2012 20th Signal Processing and Communications Applications Conference ({SIU})},
	title     = {Gesture imitation using machine learning techniques},
	year      = {2012},
	month     = {april},
	publisher = {{IEEE}},
	doi       = {10.1109/siu.2012.6204822},
}, 

@article{Reynolds2009,
	title={Gaussian mixture models.},
	author={Reynolds, Douglas A and others},
	journal={Encyclopedia of biometrics},
	volume={741},
	number={659-663},
	year={2009},
	publisher={Berlin, Springer}
},

@article{Wu2020,
	title={A framework for autonomous impedance regulation of robots based on imitation learning and optimal control},
	author={Wu, Yuqiang and Zhao, Fei and Tao, Tao and Ajoudani, Arash},
	journal={IEEE Robotics and Automation Letters},
	volume={6},
	number={1},
	pages={127--134},
	year={2020},
	publisher={IEEE}
}, 

@ARTICLE{Dietrich2012,
	author={Dietrich, Alexander and Wimbock, Thomas and Albu-Schaffer, Alin and Hirzinger, Gerd},  
	journal={IEEE Transactions on Robotics},   
	title={Integration of Reactive, Torque-Based Self-Collision Avoidance Into a Task Hierarchy},   
	year={2012},  
	volume={28},  
	number={6},  
	pages={1278-1293},  
	doi={10.1109/TRO.2012.2208667}
},

@INPROCEEDINGS{Santis2007,  
	author={De Santis, Agostino and Albu-Schaffer, Alin and Ott, Christian and Siciliano, Bruno and Hirzinger, Gerd},  
	booktitle={2007 IEEE/ASME international conference on advanced intelligent mechatronics},   
	title={The skeleton algorithm for self-collision avoidance of a humanoid manipulator},  
	year={2007},  
	volume={},  
	number={},  
	pages={1-6},  
	doi={10.1109/AIM.2007.4412606}
}, 

@INPROCEEDINGS{Stasse2008,  
	author={Stasse, Olivier and Escande, Adrien and Mansard, Nicolas and Miossec, Sylvain and Evrard, Paul and Kheddar, Abderrahmane},  booktitle={2008 IEEE International Conference on Robotics and Automation},   
	title={Real-time (self)-collision avoidance task on a hrp-2 humanoid robot},   
	year={2008},  
	volume={},  
	number={},  
	pages={3200-3205},  
	doi={10.1109/ROBOT.2008.4543698}
},

@INPROCEEDINGS{Fang2015,  
	author={Fang, Cheng and Rocchi, Alessio and Hoffman, Enrico Mingo and Tsagarakis, Nikos G. and Caldwell, Darwin G.},  
	booktitle={2015 IEEE-RAS 15th International Conference on Humanoid Robots (Humanoids)},   
	title={Efficient self-collision avoidance based on focus of interest for humanoid robots}, 
	year={2015},  
	volume={},  
	number={},  
	pages={1060-1066},  
	doi={10.1109/HUMANOIDS.2015.7363500}
},

@InProceedings{Hayat2015,
	author    = {Abdullah Aamir Hayat and Ratan O. M. Sadanand and Subir. K. Saha},
	booktitle = {Proceedings of the 2015 Conference on Advances In Robotics - {AIR} {\textquotesingle}15},
	title     = {Robot manipulation through inverse kinematics},
	year      = {2015},
	publisher = {{ACM} Press},
	doi       = {10.1145/2783449.2783497},
},

@InProceedings{Li2021,
	author    = {Jiefeng Li and Chao Xu and Zhicun Chen and Siyuan Bian and Lixin Yang and Cewu Lu},
	booktitle = {2021 {IEEE}/{CVF} Conference on Computer Vision and Pattern Recognition ({CVPR})},
	title     = {{HybrIK}: A Hybrid Analytical-Neural Inverse Kinematics Solution for 3D Human Pose and Shape Estimation},
	year      = {2021},
	month     = {jun},
	publisher = {{IEEE}},
	doi       = {10.1109/cvpr46437.2021.00339},
},

@Article{Shao2015,
	author    = {Shao Gang Liu and Farah Edris},
	journal   = {Journal of Biomimetics, Biomaterials and Biomedical Engineering},
	title     = {Forward Kinematics Simulation for a Surgical Robot Using {CATIA} 5},
	year      = {2015},
	month     = {mar},
	pages     = {21--28},
	volume    = {22},
	doi       = {10.4028/www.scientific.net/jbbbe.22.21},
	publisher = {Trans Tech Publications, Ltd.},
},

@Misc{Huang2022,
	author    = {Huang, Linzhi and Liang, Jiahao and Deng, Weihong},
	title     = {DH-AUG: DH Forward Kinematics Model Driven Augmentation for 3D Human Pose Estimation},
	year      = {2022},
	copyright = {arXiv.org perpetual, non-exclusive license},
	doi       = {10.48550/ARXIV.2207.09303},
	keywords  = {Computer Vision and Pattern Recognition (cs.CV), FOS: Computer and information sciences, FOS: Computer and information sciences},
	publisher = {arXiv},
},

@INPROCEEDINGS{Malik2017,
	author={Malik, Jameel and Elhayek, Ahmed and Stricker, Didier},
	booktitle={2017 International Conference on 3D Vision (3DV)}, 
	title={Simultaneous Hand Pose and Skeleton Bone-Lengths Estimation from a Single Depth Image}, 
	year={2017},
	volume={},
	number={},
	pages={557-565},
	doi={10.1109/3DV.2017.00069}
}, 

@Article{Mueller2019,
	author    = {Andreas Mueller},
	journal   = {{IEEE} Control Systems},
	title     = {Modern Robotics: Mechanics, Planning, and Control [Bookshelf]},
	year      = {2019},
	month     = {dec},
	number    = {6},
	pages     = {100--102},
	volume    = {39},
	doi       = {10.1109/mcs.2019.2937265},
	publisher = {Institute of Electrical and Electronics Engineers ({IEEE})},
},

@Article{Chersi2012,
	author    = {F. Chersi},
	journal   = {{IEEE} Transactions on Autonomous Mental Development},
	title     = {Learning Through Imitation: a Biological Approach to Robotics},
	year      = {2012},
	month     = {sep},
	number    = {3},
	pages     = {204--214},
	volume    = {4},
	doi       = {10.1109/tamd.2012.2200250},
	publisher = {Institute of Electrical and Electronics Engineers ({IEEE})},
},

@inproceedings{Koenemann2012,
	author = {Koenemann, Jonas and Bennewitz, Maren},
	year = {2012},
	month = {03},
	pages = {},
	title = {Whole-Body Imitation of Human Motions with a Nao Humanoid},
	doi = {10.1145/2157689.2157830}
},

@InProceedings{Koenemann2014,
	author    = {Jonas Koenemann and Felix Burget and Maren Bennewitz},
	booktitle = {2014 {IEEE} International Conference on Robotics and Automation ({ICRA})},
	title     = {Real-time imitation of human whole-body motions by humanoids},
	year      = {2014},
	month     = {may},
	publisher = {{IEEE}},
	doi       = {10.1109/icra.2014.6907261},
},

@InProceedings{Martin2003,
	author    = {Martin F{\^{e}}dor},
	booktitle = {Proceedings of the 18th spring conference on Computer graphics - {SCCG} {\textquotesingle}03},
	title     = {Application of inverse kinematics for skeleton manipulation in real-time},
	year      = {2003},
	publisher = {{ACM} Press},
	doi       = {10.1145/984952.984986},
},

@InCollection{Rokbani2014,
	author    = {Nizar Rokbani and Alicia Casals and Adel M. Alimi},
	booktitle = {Studies in Computational Intelligence},
	publisher = {Springer International Publishing},
	title     = {{IK}-{FA}, a New Heuristic Inverse Kinematics Solver Using Firefly Algorithm},
	year      = {2014},
	month     = {dec},
	pages     = {369--395},
	doi       = {10.1007/978-3-319-11017-2_15},
},

@article{Kaelbling1996,
	title={Reinforcement learning: A survey},
	author={Kaelbling, Leslie Pack and Littman, Michael L and Moore, Andrew W},
	journal={Journal of artificial intelligence research},
	volume={4},
	pages={237--285},
	year={1996}
},

@article{Brunke2022,
	title={Safe learning in robotics: From learning-based control to safe reinforcement learning},
	author={Brunke, Lukas and Greeff, Melissa and Hall, Adam W and Yuan, Zhaocong and Zhou, Siqi and Panerati, Jacopo and Schoellig, Angela P},
	journal={Annual Review of Control, Robotics, and Autonomous Systems},
	volume={5},
	pages={411--444},
	year={2022},
	publisher={Annual Reviews}
},

@article{Elguea2023,
	title={A review on reinforcement learning for contact-rich robotic manipulation tasks},
	author={Elguea-Aguinaco, {\'I}{\~n}igo and Serrano-Mu{\~n}oz, Antonio and Chrysostomou, Dimitrios and Inziarte-Hidalgo, Ibai and B{\o}gh, Simon and Arana-Arexolaleiba, Nestor},
	journal={Robotics and Computer-Integrated Manufacturing},
	volume={81},
	pages={102517},
	year={2023},
	publisher={Elsevier}
}, 

@Article{Fuernkranz2012,
	author    = {Johannes Fürnkranz and Eyke Hüllermeier and Weiwei Cheng and Sang-Hyeun Park},
	journal   = {Machine Learning},
	title     = {Preference-based reinforcement learning: a formal framework and a policy iteration algorithm},
	year      = {2012},
	month     = {aug},
	number    = {1-2},
	pages     = {123--156},
	volume    = {89},
	doi       = {10.1007/s10994-012-5313-8},
	publisher = {Springer Science and Business Media {LLC}},
}, 

@Article{Hussein2018,
	author    = {Ahmed Hussein and Mohamed Medhat Gaber and Eyad Elyan and Chrisina Jayne},
	journal   = {{ACM} Computing Surveys},
	title     = {Imitation Learning},
	year      = {2018},
	month     = {mar},
	number    = {2},
	pages     = {1--35},
	volume    = {50},
	doi       = {10.1145/3054912},
	publisher = {Association for Computing Machinery ({ACM})},
},

@Article{Kober2010,
	author    = {Jens Kober and Jan Peters},
	journal   = {{IEEE} Robotics Automation Magazine},
	title     = {Imitation and Reinforcement Learning},
	year      = {2010},
	month     = {jun},
	number    = {2},
	pages     = {55--62},
	volume    = {17},
	doi       = {10.1109/mra.2010.936952},
	publisher = {Institute of Electrical and Electronics Engineers ({IEEE})},
},

@book{Nolfi2000,
	title={Evolutionary robotics: The biology, intelligence, and technology of self-organizing machines},
	author={Nolfi, Stefano and Floreano, Dario},
	year={2000},
	publisher={MIT press}
},

@article{Zhang2015,
	title={A comprehensive survey on particle swarm optimization algorithm and its applications},
	author={Zhang, Yudong and Wang, Shuihua and Ji, Genlin},
	journal={Mathematical problems in engineering},
	year={2015},
	publisher={Hindawi}
}, 

@inproceedings{Zhang2010,
	title={UAV path planning method based on ant colony optimization},
	author={Zhang, Chao and Zhen, Ziyang and Wang, Daobo and Li, Meng},
	booktitle={2010 Chinese Control and Decision Conference},
	pages={3790--3792},
	year={2010},
	organization={IEEE}
},

@techreport{Heim2019,
	title={A practitioner’s guide to maximum causal entropy inverse reinforcement learning, starting from markov decision processes},
	author={Heim, Eric and Carnegie-Mellon University of Pittsburgh},
	year={2019},
	institution={Technical report, Carnegie-Mellon University of Pittsburgh (PA) Pittsburgh, United States}
},

@ARTICLE{Chen2023,
	author={Chen, Zhichao and Nakamura, Yutaka and Ishiguro, Hiroshi},
	journal={IEEE Robotics and Automation Letters}, 
	title={Outperformance of Mall-Receptionist Android as Inverse Reinforcement Learning is Transitioned to Reinforcement Learning}, 
	year={2023},
	volume={8},
	number={6},
	pages={3350-3357},
	doi={10.1109/LRA.2023.3267385}
},

@article{Kretzschmar2016,
	title={Socially compliant mobile robot navigation via inverse reinforcement learning},
	author={Kretzschmar, Henrik and Spies, Markus and Sprunk, Christoph and Burgard, Wolfram},
	journal={The International Journal of Robotics Research},
	volume={35},
	number={11},
	pages={1289--1307},
	year={2016},
	publisher={SAGE Publications Sage UK: London, England}
},

@article{Arora2021,
	title={A survey of inverse reinforcement learning: Challenges, methods and progress},
	author={Arora, Saurabh and Doshi, Prashant},
	journal={Artificial Intelligence},
	volume={297},
	pages={103500},
	year={2021},
	publisher={Elsevier}
},

@inproceedings{Russell2000,
	title={Algorithms for inverse reinforcement learning.},
	author={Ng, Andrew Y and Russell, Stuart and others},
	booktitle={Icml},
	volume={1},
	pages={2},
	year={2000}
},

@article{Bhattacharyya2020,
	title={A knowledge-driven layered inverse reinforcement learning approach for recognizing human intents},
	author={Bhattacharyya, Rupam and Hazarika, SM},
	journal={Journal of Experimental \& Theoretical Artificial Intelligence},
	volume={32},
	number={6},
	pages={1015--1044},
	year={2020},
	publisher={Taylor \& Francis}
},

@inproceedings{Hussein2019,
	title={Inverse Reinforcement learning of interaction dynamics from demonstrations},
	author={Hussein, Mostafa and Begum, Momotaz and Petrik, Marek},
	booktitle={2019 International Conference on Robotics and Automation (ICRA)},
	pages={2267--2274},
	year={2019},
	organization={IEEE}
},

@book{Siegwart2011,
	title={Introduction to autonomous mobile robots},
	author={Siegwart, Roland and Nourbakhsh, Illah Reza and Scaramuzza, Davide},
	year={2011},
	publisher={MIT press}
},

@inproceedings{Berenson2012,
	title={A robot path planning framework that learns from experience},
	author={Berenson, Dmitry and Abbeel, Pieter and Goldberg, Ken},
	booktitle={2012 IEEE International Conference on Robotics and Automation},
	pages={3671--3678},
	year={2012},
	organization={IEEE}
},

@INPROCEEDINGS{Chaocheng2015,
	author={Chaocheng Li and Jun Wang and Xiaonian Wang and Yihuan Zhang},
	booktitle={2015 Chinese Automation Congress (CAC)}, 
	title={A model based path planning algorithm for self-driving cars in dynamic environment}, 
	year={2015},
	volume={},
	number={},
	pages={1123-1128},
	doi={10.1109/CAC.2015.7382666}
},

@article{Yamaguchi2015,
	title={Pouring skills with planning and learning modeled from human demonstrations},
	author={Yamaguchi, Akihiko and Atkeson, Christopher G and Ogasawara, Tsukasa},
	journal={International Journal of Humanoid Robotics},
	volume={12},
	number={03},
	pages={1550030},
	year={2015},
	publisher={World Scientific}
}

@article{Xie2020,
	title={Robot learning from demonstration for path planning: A review},
	author={Xie, ZongWu and Zhang, Qi and Jiang, ZaiNan and Liu, Hong},
	journal={Science China Technological Sciences},
	volume={63},
	number={8},
	pages={1325--1334},
	year={2020},
	publisher={Springer}
},

@inproceedings{Pecora2018,
	title={A loosely-coupled approach for multi-robot coordination, motion planning and control},
	author={Pecora, Federico and Andreasson, Henrik and Mansouri, Masoumeh and Petkov, Vilian},
	booktitle={Proceedings of the International Conference on Automated Planning and Scheduling},
	volume={28},
	pages={485--493},
	year={2018}
},

@inproceedings{Kuffner2001,
	title={Motion planning for humanoid robots under obstacle and dynamic balance constraints},
	author={Kuffner, James and Nishiwaki, Koichi and Kagami, Satoshi and Inaba, Masayuki and Inoue, Hirochika},
	booktitle={Proceedings 2001 ICRA. IEEE International Conference on Robotics and Automation (Cat. No. 01CH37164)},
	volume={1},
	pages={692--698},
	year={2001},
	organization={IEEE}
},

@article{Veras2019,
	title={Systematic literature review of sampling process in rapidly-exploring random trees},
	author={V{\'e}ras, Luiz Gustavo DO and Medeiros, Felipe LL and Guimar{\'a}es, Lamartine NF},
	journal={IEEE Access},
	volume={7},
	pages={50933--50953},
	year={2019},
	publisher={IEEE}
},


@inproceedings{Phillips2012,
	title={E-graphs: Bootstrapping planning with experience graphs},
	author={Phillips, Mike and Cohen, Benjamin and Chitta, Sachin and Likhachev, Maxim},
	booktitle={Proceedings of the International Symposium on Combinatorial Search},
	volume={3},
	number={1},
	pages={188--189},
	year={2012}
},

@INPROCEEDINGS{Cohen2012,
	author={Cohen, Benjamin and Chitta, Sachin and Likhachev, Maxim},
	booktitle={2012 IEEE International Conference on Robotics and Automation}, 
	title={Search-based planning for dual-arm manipulation with upright orientation constraints}, 
	year={2012},
	volume={},
	number={},
	pages={3784-3790},
	doi={10.1109/ICRA.2012.6225008}
},

@INPROCEEDINGS{Berenson2012,
	author={Berenson, Dmitry and Abbeel, Pieter and Goldberg, Ken},
	booktitle={2012 IEEE International Conference on Robotics and Automation}, 
	title={A robot path planning framework that learns from experience}, 
	year={2012},
	volume={},
	number={},
	pages={3671-3678},
	doi={10.1109/ICRA.2012.6224742}
},

@inproceedings{Coleman2015,
	title={Experience-based planning with sparse roadmap spanners},
	author={Coleman, David and {\c{S}}ucan, Ioan A and Moll, Mark and Okada, Kei and Correll, Nikolaus},
	booktitle={2015 IEEE International Conference on Robotics and Automation (ICRA)},
	pages={900--905},
	year={2015},
	organization={IEEE}
},

@INPROCEEDINGS{Natarajan2023,
	author={Natarajan, Ramkumar and Johnston, Garrison L.H. and Simaan, Nabil and Likhachev, Maxim and Choset, Howie},
	booktitle={2023 IEEE International Conference on Robotics and Automation (ICRA)}, 
	title={Torque-Limited Manipulation Planning through Contact by Interleaving Graph Search and Trajectory Optimization}, 
	year={2023},
	volume={},
	number={},
	pages={8148-8154},
	doi={10.1109/ICRA48891.2023.10161297}
},

@article{Si2021,
	title={A review on manipulation skill acquisition through teleoperation-based learning from demonstration},
	author={Si, Weiyong and Wang, Ning and Yang, Chenguang},
	journal={Cognitive Computation and Systems},
	volume={3},
	number={1},
	pages={1--16},
	year={2021},
	publisher={Wiley Online Library}
},

@article{Ravankar2018,
	title={Path smoothing techniques in robot navigation: State-of-the-art, current and future challenges},
	author={Ravankar, Abhijeet and Ravankar, Ankit A and Kobayashi, Yukinori and Hoshino, Yohei and Peng, Chao-Chung},
	journal={Sensors},
	volume={18},
	number={9},
	pages={3170},
	year={2018},
	publisher={MDPI}
},

@Book{Almalki2020,
	author          = {Almalki, Kholood and Alharbi, Omnia and Al-Ahmadi, Wala'a and Aljohani, Maha},
	title           = {{Anti-procrastination online tool for graduate students based on the pomodoro technique}},
	year            = {2020},
	isbn            = {9783030505059},
	volume          = {12206 LNCS},
	pages           = {133--144},
}, 

@InProceedings{Lopes2005,
	author    = {Lopes, Manuel and Bernardino, Alexandre and Santos-Victor, Jos{\'e}},
	booktitle = {Symposium on Imitation in Animals and Artifacts},
	title     = {A developmental roadmap for task learning by imitation in humanoid robots},
	year      = {2005},
	pages     = {77}
},

@InProceedings{Chen2016,
	author    = {Chen Chen and Roozbeh Jafari and Nasser Kehtarnavaz},
	booktitle = {2016 {IEEE} International Conference on Acoustics, Speech and Signal Processing ({ICASSP})},
	title     = {Fusion of depth, skeleton, and inertial data for human action recognition},
	year      = {2016},
	month     = {mar},
	publisher = {{IEEE}},
	doi       = {10.1109/icassp.2016.7472170}
},

@INPROCEEDINGS{Suleiman2008,

	author={Suleiman, Wael and Yoshida, Eiichi and Kanehiro, Fumio and Laumond, Jean-Paul and Monin, Andre},
	booktitle={2008 IEEE International Conference on Robotics and Automation}, 
	title={On human motion imitation by humanoid robot}, 
	year={2008},
	volume={},
	number={},
	pages={2697-2704},
	doi={10.1109/ROBOT.2008.4543619}
}
