%% LaTeX2e file `hbrs-example.bib'
%% generated by the `filecontents' environment
%% from source `hbrs-example' on 2023/10/24.
%%
 @Article{Frank1953,
  author  = {Frank, F. C.},
  title   = {On spontaneous asymmetric synthesis},
  journal = {Biochim. Biophys. Acta},
  year    = {1953},
  volume  = {11},
  pages   = {459-463},
  doi     = {http://dx.doi.org/10.1016/0006-3002(53)90082-1},
  url     = {http://www.sciencedirect.com/science/article/pii/0006300253900821},
 }
 
 @Article{Kagan1986,
  author  = {Puchot, C. and Samuel, O. and Dunach, E. and Zhao, S. and Agami, C. and Kagan, H. B.},
  title   = {Nonlinear effects in asymmetric synthesis. Examples in asymmetric oxidations and aldolization reactions},
  journal = {J. Am. Chem. Soc.},
  year    = {1986},
  volume  = {108},
  number  = {9},
  pages   = {2353-2357},
  doi     = {10.1021/ja00269a036},
  url     = {http://dx.doi.org/10.1021/ja00269a036},
 }
 
 @article{Soai1995,
  author = {Soai, Kenso and Shibata, Takanori and Morioka, Hiroshi and Choji, Kaori},
  title = {Asymmetric autocatalysis and amplification of enantiomeric excess of a chiral molecule},
  journal = {Nature},
  year = {1995},
  volume = {378},
  number = {6559},
  pages = {767-768},
  url = {http://dx.doi.org/10.1038/378767a0}
 }
 
 @Article{Brown2001,
  author  = {Blackmond, Donna G. and McMillan, Christopher R. and Ramdeehul, Shailesh and Schorm, Andrea and Brown, John M.},
  title   = {Origins of Asymmetric Amplification in Autocatalytic Alkylzinc Additions},
  journal = {J. Am. Chem. Soc.},
  year    = {2001},
  volume  = {123},
  number  = {41},
  pages   = {10103-10104},
  doi     = {10.1021/ja0165133},
  url     = {http://dx.doi.org/10.1021/ja0165133},
 }
